@book{data,
       author    = "Ian H. Witten \and Eibe Frank",
           title     = "Data Mining Practical Machine Learning Tools and Techniques 2d ed",
	       year      = "",
	           publisher = "Elsevier",
}
