@phdthesis {,
Author = {},
Title = {},
School = {},
Year = {} }

@mastersthesis {,
Author = {},
Title = {},
School = {},
Year = {} }
%Optional fields: address, month, note, key

@techreport {,
Author = {},
Title = {},
Institution = {},
Year = {} }

@inbook {,
author = {},
title = {},
publisher = {},
address = {},
year = {},
type = {},
chapter = {},
Editor = {} }

@misc{,
  author = {},
  title = {},
  text = {},
  year = {},
  url = {} }

@book {,
Author = {},
Title = {},
Publisher = {},
Year = {} }

@article {,
Author = {},
Title = {},
Journal = {},
Volume = {},
Pages = {},
Year = {} }

@inproceedings {,
Author = {},
Title = {},
BookTitle = {},
Pages = {},
Year = {} }

@article {microsoftrecognizer,
Author = {{Julian Odell and Kurnal Mukerjee}},
Title = {{Architecture, User Interface, and Enabling Technology in Windows
   Vista's Speech Systems}},
Journal = {{IEEE Transactions on Computers}},
Volume = {56},
Pages = {},
Year = {2007} }

@article {sbrt09,
Author = {Patrick Silva and Nelson Neto and Aldebaro Klautau},
Title = {{Novos Recursos e Utilização de Adaptação de Locutor no Desenvolvimento
   de um Sistema de Reconhecimento de Voz para o Português Brasileiro}},
Journal = {{XXVII Simpósio Brasileiro de Telecomunicações - SBRT}},
Volume = {},
Pages = {},
Year = {2009} }

@misc {juliusgrammar,
title = {{Juilus Grammar}},
Year = {Visitado em Setembro, 2009},
note = {http://julius.sourceforge.jp/en\_index.php?q=en\_grammar.html} }

@misc {srilmsite,
title = {{SRILM - The SRI Language Modeling Toolkit}},
Year = {Visitado em Setembro, 2009},
note = {http://www-speech.sri.com/projects/srilm/} }

@article {propor10,
Author = "Patrick Silva and Pedro Batista and Nelson Neto and Aldebaro Klautau",
Title = {{An Open-Source Speech Recognizer for Brazilian Portuguese with a
   Windows Programming Interface}},
Journal = {{The International Conference on Computational Processing of
   Portuguese - PROPOR}},
Volume = {},
Pages = {},
Year = {2010} }

@article {demopropor10,
Author = "Pedro Batista and Patrick Silva and Nelson Neto and Aldebaro Klautau",
Title = {{A non-Visual Web-Browsing System using Speech Recognition for Brazilian Portuguese}},
Journal = {{The International Conference on Computational Processing of
   Portuguese - PROPOR}},
Volume = {},
Pages = {},
Year = {2010} }

@misc{Patricktcc,
  author = {{Carlos Patrick Alves da Silva}},
  title = {{Sistemas de Reconhecimento de Voz para o Português Brasileiro
     utilizando os Corpora Spoltech e OGI-22}},
  howpublished = {{Universidade Federal do Pará, Instituto de Tecnologia}},
  year = {2008},
  note = {trabalho de conclusão de curso}
}

@misc{legislacaoemaudio,
  title = {{Legislação em audio}},
  year = {Visitado em Julho, 2010},
  note = {http://www2.camara.gov.br/acessibilidade/constituicaoaudio.html},
  }

@book{voiceuserinterfacedesign,
   author = "Michael H. Cohen and James P. Giangola and Jennifer Balogh",
   title = "VOICE User Interface Design",
   year = "2007",
   publisher = "Addison-Wesly",
}

@misc{espeak,
  note = {http://espeak.sourceforge.net/},
  title = {{eSpeak text to speech}},
  text = {},
  year = {Visitado em Julho, 2010},
  url = {http://espeak.sourceforge.net/}
}

@misc{htksite,
  note = {http://htk.eng.cam.ac.uk/},
  title = {{Hidden Markov Model Toolkit (HTK)}},
  text = {},
  year = {Visitado em Julho, 2010},
  url = {}
}

@misc{juliussite,
  note = {http://julius.sourceforge.jp/en\_index.php},
  title = {{Open-Source Large Vocabulary CSR Engine Julius}},
  text = {},
  year = {Visitado em Julho, 2010},
  url = {}
}

@misc{transcribersite,
  note = {http://trans.sourceforge.net/en/presentation.php},
  title = {{Transcriber: a tool for segmenting, labeling and transcribing
     speech}},
  text = {},
  year = {Visitado em Julho, 2010},
  url = {}
}

@misc{sampleenginemicrosoftpb,
  note = {http://www.microsoft.com/portugal/mldc/betaprograms/winclientdesktop.mspx},
  title = {{Speech Recognition Sample Engine for Portuguese (Brazil)}},
  text = {},
  year = {Visitado em Julho, 2010},
  url = {}
}

@misc{comlanguages,
  note = {www.microsoft.com/COM/},
  title = {{Component Object Model}},
  text = {},
  year = {Visitado em Julho, 2010},
  url = {}
}

@misc{viavoice,
  note = {www.ibm.com/software/speech},
  title = {{IBM ViaVoice}},
  text = {},
  year = {Visitado em Julho, 2010},
  url = {www.ibm.com/software/speech}
}

@misc{dragonnuance,
  note = {www.nuance.com/naturallyspeaking},
  title = {{Dragon NaturallySpeaking}},
  text = {},
  year = {Visitado em Julho, 2010},
  url = {www.nuance.com/naturallyspeaking}
}

@misc{windowsrecognition,
  note = {http://www.microsoft.com/speech},
  title = {{Windows Speech Recognition}},
  text = {},
  year = {Visitado em Julho, 2010},
  url = {http://www.microsoft.com/speech}
}

@misc{sapixml,
  note = {http://msdn.microsoft.com/en-us/library/ms723632(VS.85).aspx},
  title = {{Microsoft Speech API 5.3 Text Grammar Format Overview}},
  text = {},
  year = {Visitado em Julho, 2010},
  url = {http://msdn.microsoft.com/en-us/library/ms723632(VS.85).aspx}
}

@misc{jni,
  note = {http://java.sun.com/docs/books/jni/},
  title = {{Java Native Interface: Programmer's Guide and Specification}},
  text = {},
  year = {Visitado em Julho, 2010},
  url = {http://java.sun.com/docs/books/jni/}
}

@misc{broffice,
  note = {http://www.broffice.org/},
  title = {{http://www.broffice.org/}},
  text = {},
  year = {Visitado em Julho, 2010},
  url = {http://www.broffice.org/}
}

@misc{licencabsd,
  note = {http://www.freebsd.org/copyright/license.html},
  title = {{BSD Copyright}},
  text = {},
  year = {Visitado em Julho, 2010},
  url = {http://www.freebsd.org/copyright/license.html}
}

@misc{corujanavigator,
  note = {http://code.google.com/p/coruja-navigator/},
  title = {{Coruja Navigator: Um navegador Web hands-free}},
  text = {},
  year = {Visitado em Julho, 2010},
  url = {http://code.google.com/p/coruja-navigator/}
}

@misc{falabrasilsite,
  note = {http://www.laps.ufpa.br/falabrasil/},
  title = {{FalaBrasil: Reconhecimento de Voz para o Português Brasileiro}},
  text = {},
  year = {Visitado em Julho, 2010},
  url = {http://www.laps.ufpa.br/falabrasil/}
}

@misc{corujalist,
  note = {http://groups.google.com/group/coruja-users?hl=pt-BR},
  title = {{Lista de discussão do software Coruja}},
  text = {},
  year = {Visitado em Julho, 2010},
  url = {http://groups.google.com/group/coruja-users?hl=pt-BR}
}

@misc{speechoosite,
  note = {http://code.google.com/p/speechoo/},
  title = {{SpeechOO: Uma extensão de ditado para o OpenOffice.org}},
  text = {},
  year = {Visitado em Julho, 2010},
  url = {http://code.google.com/p/speechoo/}
}

@misc{human-robot,
    Title = {groups.google.com/group/human-robot-interaction},
    Year = {Visited in Junho, 2010}
}

@mastersthesis {termosrelevantes,
Author = {Bruno Emanuel Machado Antunes},
Title = {SRS: Semantic Reuse System},
School = {Centre of Informatics and Systems of the University of Coimbra},
Year = {2007} }
