%Copiado de: http://en.wikibooks.org/wiki/LaTeX/Bibliography_Management
% Para usar deve-se colocar um arroba na especificação (ver último exemplo)
 An article from a magazine or a journal. 
article{artigo,
    author    = "",
    title     = "",
    journal   = "",
    %volume   = "",
    %number   = "",
    %pages    = "",
    year      = "XXXX",
    %month    = "",
    %note     = "",
}

 A published book 
book{Xbook,
    author    = "",
    title     = "",
    publisher = "",
    %volume   = "",
    %number   = "",
    %series   = "",
    %address  = "",
    %edition  = "",
    year      = "XXXX",
    %month    = "",
    %note     = "",
}

 bound work without a named publisher or sponsor.
booklet{Xbooklet,
    %author   = "",
    title     = "",
    %howpublished   = "",
    %address  = "",
    year      = "XXXX",
    %month    = "",
    %note     = "",
}

 Equal to inproceedings
conference{Xconference,
    author    = "",
    title     = "",
    booktitle = "",
    %editor   = "",
    %volume   = "",
    %number   = "",
    %series   = "",
    %pages    = "",
    %address  = "",
    year      = "XXXX",
    %month    = "",
    %publisher= "",
    %note     = "",
}

inbook 
 A section of a book
  Required fields: author/editor, title, chapter and/or pages, publisher, year.
  Optional fields: volume/number, series, type, address, edition, month, note.

incollection 
 A section of a book having its own title.
  Required fields: author, title, booktitle, publisher, year.
  Optional fields: editor, volume/number, series, type, chapter, pages, address, edition, month, note.

inproceedings 
 An article in a conference proceedings.
  Required fields: author, title, booktitle, year.
  Optional fields: editor, volume/number, series, pages, address, month, organization, publisher, note.

manual 
 Technical manual
  Required fields: title.
  Optional fields: author, organization, address, edition, month, year, note.

 Master's thesis
mastersthesis{Xthesis,
    author    = "",
    title     = "",
    school    = "",
    %type     = "diploma thesis",
    %address  = "",
    year      = "XXXX",
    %month    = "",
    %note     = "",
}

 Template useful for other kinds of publication
misc{Xmisc,
    %author    = "",
    %title     = "",
    %howpublished = "",
    %year     = "XXXX",
    %month    = "",
    %note     = "",
}

phdthesis 
 Ph.D. thesis
  Required fields: author, title, year, school.
  Optional fields: address, month, keywords, note.

proceedings 
 The proceedings of a conference.
  Required fields: title, year.
  Optional fields: editor, volume/number, series, address, month, organization, publisher, note.

techreport 
 Technical report from educational, commercial or standardization institution.
techreport{Xtreport,
    author    = "",
    title     = "",
    institution = "",
    %type     = "", 
    %number   = "",
    %address  = "",
    year      = "XXXX",
    %month    = "",
    %note     = "",
}

unpublished 
 An unpublished article, book, thesis, etc.
  Required fields: author, title, note.
  Optional fields: month, year.

@misc{Patricktcc,
	author = {{Carlos Patrick Alves da Silva}},
	title = {{Sistemas de Reconhecimento de Voz para o Português Brasileiro
		utilizando os Corpora Spoltech e OGI-22}},
	howpublished = {{Universidade Federal do Pará, Instituto de Tecnologia}},
	year = {2008},
	note = {trabalho de conclusão de curso}
}

@book{Young06,
	Author = {Young, S. and Ollason, D. and Valtchev, V. and Woodland, P.},
	Title = {The HTK Book},
	Publisher = {Cambridge University Engineering Department, version 3.4},
	Year = {2006}
}

@techreport{Walker04,
	Author = {W. Walker and P. Lamere and P. Kwok and B. Raj and R. Singh and E. Gouvea and P. Wolf and J. Woelfel},
	Title = {Sphinx-4: A Flexible Open Source Framework for Speech Recognition},
	Institution = {Sun Microsystems Inc},
	Year = {2004}
}

@online{clrsite,
	author = {Microsoft},
	title = {Common Language Runtime Overview},
	year = {Visitado em Abril, 2011},
	howpublished={\url{http://msdn.microsoft.com/en-us/library/ddk909ch.aspx}}
}

@online{dotnetsite,
	author = {Microsoft},
	title = {.NET Framework Overview},
	year = {Visitado em Abril, 2011},
	howpublished={\url{http://www.microsoft.com/net/overview.aspx}}
}

@online{libreofficesite,
	author = {The Document Foundation},
	title = {{LibreOffice}},
	year = {Visitado em Abril, 2011},
	howpublished={\url{http://www.libreoffice.org/}}
}

@online{sampleenginemicrosoftpb,
	Autor = "Microsoft Language Development Center",
	title = "Speech Recognition Sample Engine for Portuguese (Brazil)",
	year = {Visitado em Abril, 2011},
	howpublished={\url{http://www.microsoft.com/portugal/mldc/betaprograms/winclientdesktop.mspx}}
}

@online{windowsrecognition,
	Autor = "Microsoft",
	title = "Windows Speech Recognition",
	year = {Visitado em Abril, 2011},
	howpublished={\url{http://www.microsoft.com/speech}}
}

@misc{espeak,
  note = {http://espeak.sourceforge.net/},
  title = {{eSpeak text to speech}},
  text = {},
  year = {Visitado em Julho, 2010},
  url = {http://espeak.sourceforge.net/}
}

@misc{viavoice,
  note = {www.ibm.com/software/speech},
  title = {{IBM ViaVoice}},
  year = {Visitado em Julho, 2010},
  url = {www.ibm.com/software/speech}
}

@misc{dragonnuance,
  note = {www.nuance.com/dragon},
  title = "Dragon Speech Recognition",
  year = "Visitado em Julho, 2010",
  url = {www.nuance.com/naturallyspeaking}
}

@article{fftranscriber,
    author    = "Renan Moura and Nelson Neto and Carlos Patrick and Pedro Batista and Aldebaro Klautau",
    title     = "FFTranscriber: Software para Transcrição Otimizado para Aplicações Forenses",
    journal   = "VIII Seminário Nacional de Fonética Forense",
    year      = "2010",
}

@article{Transcriber-SpeechComm2000,
  author =	"Claude Barras and Edouard Geoffrois and Zhibiao Wu and Mark Liberman",
  title =	"Transcriber: development and use of a tool for assisting speech corpora production",
  journal =	"Speech Communication",
  year =	2001,
  volume =	"33",
  number =	"1--2",
}

@article{microsoftrecognizer,
	Author = {{Julian Odell and Kurnal Mukerjee}},
	Title = {{Architecture, User Interface, and Enabling Technology in Windows
		Vista's Speech Systems}},
	Journal = {{IEEE Transactions on Computers}},
	Volume = {56},
	Pages = {},
	Year = {2007}
}

@article{Lee01-2,
	Author = {Akinobu Lee and Tatsuya Kawahara and Kiyoshiro Shikano},
	Title = {Julius - an open source real-time large vocabulary recognition engine},
	Journal = {Proc. European Conference on Speech Communication and Technology},
	Pages = {1691-1694},
	Year = {2001}
}

@article {stolcke02,
	Author = {Andreas Stolcke},
	Title = {{SRILM} - An Extensible Language Modeling Toolkit},
	Journal = {International Conference on Spoken Language Processing},
	Year = {2002}
}
