@ARTICLE{database, 
author={Smith,~J.~W. and Everhart,~J.~E. and Dickson,~W.~C. and Knowler,~W.~C. and  Johannes,~R.~S}, 
journal={Proceedings of the Symposium on Computer Applications and Medical Care}, title={Using the ADAP learning algorithm to forecast the onset of diabetes mellitus}, 
year={1988}, 
pages={ 261 - 265}, 
}
